<record><leader>00000cas a22000007a 4500</leader><controlfield tag="001">8641694</controlfield><controlfield tag="008">820729d196u19uuilu x ne      0    0eng d</controlfield><datafield ind1=" " ind2=" " tag="010"><subfield code="a">sn 92060460 </subfield></datafield><datafield ind1=" " ind2=" " tag="040"><subfield code="a">UIU</subfield><subfield code="b">eng</subfield><subfield code="c">UIU</subfield><subfield code="d">YOX</subfield><subfield code="d">NVJ</subfield><subfield code="d">OCL</subfield><subfield code="d">OCLCQ</subfield><subfield code="d">OCLCG</subfield><subfield code="d">OCLCQ</subfield><subfield code="d">OCLCF</subfield><subfield code="d">OCLCO</subfield></datafield><datafield ind1="1" ind2=" " tag="029"><subfield code="a">AU@</subfield><subfield code="b">000025903706</subfield></datafield><datafield ind1=" " ind2=" " tag="042"><subfield code="a">msc</subfield></datafield><datafield ind1=" " ind2=" " tag="092"><subfield code="a">305.896005</subfield><subfield code="b">GA1</subfield></datafield><datafield ind1="0" ind2="0" tag="245"><subfield code="a">Garvey's voice.</subfield></datafield><datafield ind1="1" ind2="3" tag="246"><subfield code="a">Garvey's voice UNIA</subfield></datafield><datafield ind1=" " ind2=" " tag="260"><subfield code="a">Philadelphia, Pa. :</subfield><subfield code="b">Universal Negro Improvement Association</subfield></datafield><datafield ind1=" " ind2=" " tag="300"><subfield code="a">v. :</subfield><subfield code="b">ill. ;</subfield><subfield code="c">44 cm.</subfield></datafield><datafield ind1=" " ind2=" " tag="310"><subfield code="a">Irregular</subfield></datafield><datafield ind1=" " ind2=" " tag="500"><subfield code="a">"The Indispensable news, the Official news organ of the Universal Negro Improvement Association."</subfield></datafield><datafield ind1=" " ind2=" " tag="588"><subfield code="a">Description based on: Vol. 2, no. 1 (Dec./Jan., 1963/64).</subfield></datafield><datafield ind1="1" ind2="0" tag="600"><subfield code="a">Garvey, Marcus,</subfield><subfield code="d">1887-1940.</subfield></datafield><datafield ind1=" " ind2="0" tag="650"><subfield code="a">Blacks</subfield><subfield code="v">Newspapers.</subfield></datafield><datafield ind1=" " ind2="0" tag="650"><subfield code="a">African Americans</subfield><subfield code="v">Newspapers.</subfield></datafield><datafield ind1=" " ind2="7" tag="655"><subfield code="a">Newspapers.</subfield><subfield code="2">fast</subfield><subfield code="0">(OCoLC)fst01423814</subfield></datafield><datafield ind1="1" ind2="7" tag="600"><subfield code="a">Garvey, Marcus,</subfield><subfield code="d">1887-1940.</subfield><subfield code="2">fast</subfield><subfield code="0">(OCoLC)fst00038725</subfield></datafield><datafield ind1=" " ind2="7" tag="650"><subfield code="a">African Americans.</subfield><subfield code="2">fast</subfield><subfield code="0">(OCoLC)fst00799558</subfield></datafield><datafield ind1=" " ind2="7" tag="650"><subfield code="a">Blacks.</subfield><subfield code="2">fast</subfield><subfield code="0">(OCoLC)fst00833880</subfield></datafield><datafield ind1="2" ind2=" " tag="710"><subfield code="a">Universal Negro Improvement Association.</subfield></datafield><datafield ind1=" " ind2=" " tag="752"><subfield code="a">United States</subfield><subfield code="b">Pennsylvania</subfield><subfield code="c">Philadelphia</subfield><subfield code="d">Philadelphia.</subfield></datafield><datafield ind1="0" ind2="0" tag="780"><subfield code="t">Negro world</subfield></datafield></record>